%YAML 1.1
%TAG !u! tag:unity3d.com,2011:
--- !u!1 &8414520717015520184
GameObject:
  m_ObjectHideFlags: 0
  m_CorrespondingSourceObject: {fileID: 0}
  m_PrefabInstance: {fileID: 0}
  m_PrefabAsset: {fileID: 0}
  serializedVersion: 6
  m_Component:
  - component: {fileID: 2392840474082040053}
  m_Layer: 0
  m_Name: Forest3
  m_TagString: Untagged
  m_Icon: {fileID: 0}
  m_NavMeshLayer: 0
  m_StaticEditorFlags: 0
  m_IsActive: 1
--- !u!4 &2392840474082040053
Transform:
  m_ObjectHideFlags: 0
  m_CorrespondingSourceObject: {fileID: 0}
  m_PrefabInstance: {fileID: 0}
  m_PrefabAsset: {fileID: 0}
  m_GameObject: {fileID: 8414520717015520184}
  m_LocalRotation: {x: 0, y: 0, z: 0, w: 1}
  m_LocalPosition: {x: 0, y: 0, z: 0}
  m_LocalScale: {x: 1, y: 1, z: 1}
  m_ConstrainProportionsScale: 0
  m_Children:
  - {fileID: 3019752448758854722}
  - {fileID: 5567561485545039042}
  - {fileID: 8295457935718219169}
  m_Father: {fileID: 0}
  m_RootOrder: 0
  m_LocalEulerAnglesHint: {x: 0, y: 0, z: 0}
--- !u!1001 &3548759270973662206
PrefabInstance:
  m_ObjectHideFlags: 0
  serializedVersion: 2
  m_Modification:
    m_TransformParent: {fileID: 2392840474082040053}
    m_Modifications:
    - target: {fileID: 4765048973997088351, guid: 0e41505863d5f46f296f4edb75143568, type: 3}
      propertyPath: m_RootOrder
      value: 2
      objectReference: {fileID: 0}
    - target: {fileID: 4765048973997088351, guid: 0e41505863d5f46f296f4edb75143568, type: 3}
      propertyPath: m_LocalPosition.x
      value: -0.003
      objectReference: {fileID: 0}
    - target: {fileID: 4765048973997088351, guid: 0e41505863d5f46f296f4edb75143568, type: 3}
      propertyPath: m_LocalPosition.y
      value: 0
      objectReference: {fileID: 0}
    - target: {fileID: 4765048973997088351, guid: 0e41505863d5f46f296f4edb75143568, type: 3}
      propertyPath: m_LocalPosition.z
      value: -0.148
      objectReference: {fileID: 0}
    - target: {fileID: 4765048973997088351, guid: 0e41505863d5f46f296f4edb75143568, type: 3}
      propertyPath: m_LocalRotation.w
      value: 1
      objectReference: {fileID: 0}
    - target: {fileID: 4765048973997088351, guid: 0e41505863d5f46f296f4edb75143568, type: 3}
      propertyPath: m_LocalRotation.x
      value: 0
      objectReference: {fileID: 0}
    - target: {fileID: 4765048973997088351, guid: 0e41505863d5f46f296f4edb75143568, type: 3}
      propertyPath: m_LocalRotation.y
      value: 0
      objectReference: {fileID: 0}
    - target: {fileID: 4765048973997088351, guid: 0e41505863d5f46f296f4edb75143568, type: 3}
      propertyPath: m_LocalRotation.z
      value: 0
      objectReference: {fileID: 0}
    - target: {fileID: 4765048973997088351, guid: 0e41505863d5f46f296f4edb75143568, type: 3}
      propertyPath: m_LocalEulerAnglesHint.x
      value: 0
      objectReference: {fileID: 0}
    - target: {fileID: 4765048973997088351, guid: 0e41505863d5f46f296f4edb75143568, type: 3}
      propertyPath: m_LocalEulerAnglesHint.y
      value: 0
      objectReference: {fileID: 0}
    - target: {fileID: 4765048973997088351, guid: 0e41505863d5f46f296f4edb75143568, type: 3}
      propertyPath: m_LocalEulerAnglesHint.z
      value: 0
      objectReference: {fileID: 0}
    - target: {fileID: 7191287236318208806, guid: 0e41505863d5f46f296f4edb75143568, type: 3}
      propertyPath: m_Name
      value: Tree
      objectReference: {fileID: 0}
    m_RemovedComponents: []
  m_SourcePrefab: {fileID: 100100000, guid: 0e41505863d5f46f296f4edb75143568, type: 3}
--- !u!4 &8295457935718219169 stripped
Transform:
  m_CorrespondingSourceObject: {fileID: 4765048973997088351, guid: 0e41505863d5f46f296f4edb75143568, type: 3}
  m_PrefabInstance: {fileID: 3548759270973662206}
  m_PrefabAsset: {fileID: 0}
--- !u!1001 &4253592699534427116
PrefabInstance:
  m_ObjectHideFlags: 0
  serializedVersion: 2
  m_Modification:
    m_TransformParent: {fileID: 2392840474082040053}
    m_Modifications:
    - target: {fileID: 1364481681948604334, guid: 0be74e5056bcb481ea69413df8f974da, type: 3}
      propertyPath: m_RootOrder
      value: 0
      objectReference: {fileID: 0}
    - target: {fileID: 1364481681948604334, guid: 0be74e5056bcb481ea69413df8f974da, type: 3}
      propertyPath: m_LocalScale.x
      value: 0.7
      objectReference: {fileID: 0}
    - target: {fileID: 1364481681948604334, guid: 0be74e5056bcb481ea69413df8f974da, type: 3}
      propertyPath: m_LocalScale.y
      value: 0.7
      objectReference: {fileID: 0}
    - target: {fileID: 1364481681948604334, guid: 0be74e5056bcb481ea69413df8f974da, type: 3}
      propertyPath: m_LocalScale.z
      value: 0.7
      objectReference: {fileID: 0}
    - target: {fileID: 1364481681948604334, guid: 0be74e5056bcb481ea69413df8f974da, type: 3}
      propertyPath: m_LocalPosition.x
      value: 0.171
      objectReference: {fileID: 0}
    - target: {fileID: 1364481681948604334, guid: 0be74e5056bcb481ea69413df8f974da, type: 3}
      propertyPath: m_LocalPosition.y
      value: -0.026
      objectReference: {fileID: 0}
    - target: {fileID: 1364481681948604334, guid: 0be74e5056bcb481ea69413df8f974da, type: 3}
      propertyPath: m_LocalPosition.z
      value: 0.08
      objectReference: {fileID: 0}
    - target: {fileID: 1364481681948604334, guid: 0be74e5056bcb481ea69413df8f974da, type: 3}
      propertyPath: m_LocalRotation.w
      value: 0.7452155
      objectReference: {fileID: 0}
    - target: {fileID: 1364481681948604334, guid: 0be74e5056bcb481ea69413df8f974da, type: 3}
      propertyPath: m_LocalRotation.x
      value: -0.05716522
      objectReference: {fileID: 0}
    - target: {fileID: 1364481681948604334, guid: 0be74e5056bcb481ea69413df8f974da, type: 3}
      propertyPath: m_LocalRotation.y
      value: 0.5903425
      objectReference: {fileID: 0}
    - target: {fileID: 1364481681948604334, guid: 0be74e5056bcb481ea69413df8f974da, type: 3}
      propertyPath: m_LocalRotation.z
      value: -0.3047653
      objectReference: {fileID: 0}
    - target: {fileID: 1364481681948604334, guid: 0be74e5056bcb481ea69413df8f974da, type: 3}
      propertyPath: m_LocalEulerAnglesHint.x
      value: 15.94
      objectReference: {fileID: 0}
    - target: {fileID: 1364481681948604334, guid: 0be74e5056bcb481ea69413df8f974da, type: 3}
      propertyPath: m_LocalEulerAnglesHint.y
      value: 72.043
      objectReference: {fileID: 0}
    - target: {fileID: 1364481681948604334, guid: 0be74e5056bcb481ea69413df8f974da, type: 3}
      propertyPath: m_LocalEulerAnglesHint.z
      value: -32.86
      objectReference: {fileID: 0}
    - target: {fileID: 5182734672426264503, guid: 0be74e5056bcb481ea69413df8f974da, type: 3}
      propertyPath: m_Name
      value: Rock
      objectReference: {fileID: 0}
    m_RemovedComponents: []
  m_SourcePrefab: {fileID: 100100000, guid: 0be74e5056bcb481ea69413df8f974da, type: 3}
--- !u!4 &3019752448758854722 stripped
Transform:
  m_CorrespondingSourceObject: {fileID: 1364481681948604334, guid: 0be74e5056bcb481ea69413df8f974da, type: 3}
  m_PrefabInstance: {fileID: 4253592699534427116}
  m_PrefabAsset: {fileID: 0}
--- !u!1001 &6894007656426247020
PrefabInstance:
  m_ObjectHideFlags: 0
  serializedVersion: 2
  m_Modification:
    m_TransformParent: {fileID: 2392840474082040053}
    m_Modifications:
    - target: {fileID: 1364481681948604334, guid: 0be74e5056bcb481ea69413df8f974da, type: 3}
      propertyPath: m_RootOrder
      value: 1
      objectReference: {fileID: 0}
    - target: {fileID: 1364481681948604334, guid: 0be74e5056bcb481ea69413df8f974da, type: 3}
      propertyPath: m_LocalPosition.x
      value: 0
      objectReference: {fileID: 0}
    - target: {fileID: 1364481681948604334, guid: 0be74e5056bcb481ea69413df8f974da, type: 3}
      propertyPath: m_LocalPosition.y
      value: -0.039
      objectReference: {fileID: 0}
    - target: {fileID: 1364481681948604334, guid: 0be74e5056bcb481ea69413df8f974da, type: 3}
      propertyPath: m_LocalPosition.z
      value: 0.166
      objectReference: {fileID: 0}
    - target: {fileID: 1364481681948604334, guid: 0be74e5056bcb481ea69413df8f974da, type: 3}
      propertyPath: m_LocalRotation.w
      value: 0.92810386
      objectReference: {fileID: 0}
    - target: {fileID: 1364481681948604334, guid: 0be74e5056bcb481ea69413df8f974da, type: 3}
      propertyPath: m_LocalRotation.x
      value: -0.26673245
      objectReference: {fileID: 0}
    - target: {fileID: 1364481681948604334, guid: 0be74e5056bcb481ea69413df8f974da, type: 3}
      propertyPath: m_LocalRotation.y
      value: -0.14454713
      objectReference: {fileID: 0}
    - target: {fileID: 1364481681948604334, guid: 0be74e5056bcb481ea69413df8f974da, type: 3}
      propertyPath: m_LocalRotation.z
      value: 0.21583135
      objectReference: {fileID: 0}
    - target: {fileID: 1364481681948604334, guid: 0be74e5056bcb481ea69413df8f974da, type: 3}
      propertyPath: m_LocalEulerAnglesHint.x
      value: -25.64
      objectReference: {fileID: 0}
    - target: {fileID: 1364481681948604334, guid: 0be74e5056bcb481ea69413df8f974da, type: 3}
      propertyPath: m_LocalEulerAnglesHint.y
      value: -25.172
      objectReference: {fileID: 0}
    - target: {fileID: 1364481681948604334, guid: 0be74e5056bcb481ea69413df8f974da, type: 3}
      propertyPath: m_LocalEulerAnglesHint.z
      value: 32
      objectReference: {fileID: 0}
    - target: {fileID: 5182734672426264503, guid: 0be74e5056bcb481ea69413df8f974da, type: 3}
      propertyPath: m_Name
      value: Rock
      objectReference: {fileID: 0}
    m_RemovedComponents: []
  m_SourcePrefab: {fileID: 100100000, guid: 0be74e5056bcb481ea69413df8f974da, type: 3}
--- !u!4 &5567561485545039042 stripped
Transform:
  m_CorrespondingSourceObject: {fileID: 1364481681948604334, guid: 0be74e5056bcb481ea69413df8f974da, type: 3}
  m_PrefabInstance: {fileID: 6894007656426247020}
  m_PrefabAsset: {fileID: 0}
